%% This BibTeX bibliography file was created using BibDesk.
%% http://bibdesk.sourceforge.net/


@article{byzantine-pki,
	Author = {Vivek Pathak and Liviu Iftode},
	Journal = {Computer Networks},
	Number = {4},
	Pages = {579--596},
	Title = {Byzantine fault tolerant public key authentication in peer-to-peer systems},
	Url = {http://dx.doi.org/10.1016/j.comnet.2005.07.007},
	Volume = {50},
	Year = {2006}}


@article{atomic-mcast-tcs01,
	Author = {Rachid Guerraoui},
	Journal = {Theoretical Computer Science},
	Pages = {297--316},
	Title = {Genuine Atomic Multicast in Asynchronous Distributed Systems},
	Volume = {254},
	Year = {2001}}
